@Article{ sevenMagicNumber,
    author = {George A. Miller},
    title = {The Magical Number Seven, Plus or Minus Two: Some Limits on Our Capacity for Processing Information},
    journal = {The Psychological Review},
    Year = 1956,
    Volume = 63,
    pages = {81-97}
}

@Article{fastAccurate,
    author = {Chen, Danqi and Manning, Christopher},
    year = {2014},
    month = {01},
    pages = {740-750},
    title = {A Fast and Accurate Dependency Parser using Neural Networks}
}

@book{Manning1999FoundationsNLP,
  title={Foundations of statistical natural language processing},
  author={Manning, Christopher D and Sch{\"u}tze, Hinrich},
  year={1999},
  publisher={MIT press}
}

@misc{ ApostilaFormais,
    author={Marcus Vinícius Midena Ramos},
    title = {Linguagens Formais e Autômatos},
    year={2008},
    month={04}
}

@article{ChomskyThreeModel,
    author = {Chomsky, Noam},
    year = {1956},
    month = {10},
    pages = {113 - 124},
    title = {Three models for the description of language. IRE Trans Inf Theor 2:113-124},
    volume = {2},
    booktitle = {Information Theory, IRE Transactions on}
}

@article{CHOMSKY1959formalProp,
    title = "On certain formal properties of grammars",
    journal = "Information and Control",
    volume = "2",
    number = "2",
    pages = "137 - 167",
    year = "1959",
    issn = "0019-9958",
    doi = "https://doi.org/10.1016/S0019-9958(59)90362-6",
    url = "http://www.sciencedirect.com/science/article/pii/S0019995859903626",
    author = "Noam Chomsky"
}

@article{mstParser,
    title={Multilingual Dependency Analysis with a Two-Stage Discriminative Parser}, 
    author = {Ryan McDonald and Kevin Lerman and Fernando Pereira},
    journal={Tenth Conference on Computational Natural Language Learning (CoNLL-X)},
    year={2006}
}

@article{quickGuideMaltParser,
    author = {Nivre, Joakim and Hall, Johan},
    year = {2010},
    month = {09},
    pages = {},
    title = {A Quick Guide to MaltParser Optimization}
}

@article{Pontus2013RNN,
    author={Pontus Stenetorp}, 
    year ={2013},
    title = {Transition-based dependency parsing using recursive neural networks}, 
    journal = {NIPS Workshop on Deep Learning}
}

@inproceedings{Socher:2011:PNS:3104482.3104499,
    author = {Socher, Richard and Lin, Cliff Chiung-Yu and Ng, Andrew Y. and Manning, Christopher D.},
    title = {Parsing Natural Scenes and Natural Language with Recursive Neural Networks},
    booktitle = {Proceedings of the 28th International Conference on International Conference on Machine Learning},
    series = {ICML'11},
    year = {2011},
    isbn = {978-1-4503-0619-5},
    location = {Bellevue, Washington, USA},
    pages = {129--136},
    numpages = {8},
    url = {http://dl.acm.org/citation.cfm?id=3104482.3104499},
    acmid = {3104499},
    publisher = {Omnipress},
    address = {USA},
} 

@inproceedings{analisadoresLN,
    title={Analisadores Sintáticos de Linguagens Naturais: Uma Comparação do Estado da Arte},
    author = {Natalie Lourenço Vargas},
    year = {2015},
    institution = {Universidade Federal do Pampa},
}

@INPROCEEDINGS{Charniak98edge-basedbest-first,
    author = {Eugene Charniak and Sharon Goldwater and Mark Johnson},
    title = {Edge-Based Best-First Chart Parsing},
    booktitle = {IN PROCEEDINGS OF THE SIXTH WORKSHOP ON VERY LARGE CORPORA},
    year = {1998},
    pages = {127--133},
    publisher = {Morgan Kaufmann}
}

@article{DBLP:journals/corr/abs-1804-07853,
  author    = {David Gaddy and
               Mitchell Stern and
               Dan Klein},
  title     = {What's Going On in Neural Constituency Parsers? An Analysis},
  journal   = {CoRR},
  volume    = {abs/1804.07853},
  year      = {2018},
  url       = {http://arxiv.org/abs/1804.07853},
  archivePrefix = {arXiv},
  eprint    = {1804.07853},
  timestamp = {Mon, 13 Aug 2018 16:48:22 +0200},
  biburl    = {https://dblp.org/rec/bib/journals/corr/abs-1804-07853},
  bibsource = {dblp computer science bibliography, https://dblp.org}
}

@incollection{SocherEtAl2013:CVG,
    title = {{Parsing With Compositional Vector Grammars}},
    author = {Richard Socher and John Bauer and Christopher D. Manning and Andrew Y. Ng},
    booktitle = {{ACL}},
    year = {2013}
}

@article{bick2005gramatica,
    title={Gram{\'a}tica constritiva na an{\'a}lise autom{\'a}tica de sintaxe portuguesa},
    author={Bick, Eckhard},
    journal={A L{\'\i}ngua Portuguesa no Computador. Campinas: Mercado de Letras, S{\~a}o Paulo: FAPESP. ISBN},
    pages={85--7591},
    year={2005}
}
@article{caraballo1998new,
    title={New figures of merit for best-first probabilistic chart parsing},
    author={Caraballo, Sharon A and Charniak, Eugene},
    journal={Computational Linguistics},
    volume={24},
    number={2},
    pages={275--298},
    year={1998},
    publisher={MIT Press}
}

@Article{Ratnaparkhi1999,
    author="Ratnaparkhi, Adwait",
    title="Learning to Parse Natural Language with Maximum Entropy Models",
    journal="Machine Learning",
    year="1999",
    month="Feb",
    day="01",
    volume="34",
    number="1",
    pages="151--175",
    abstract="This paper presents a machine learning system for parsing natural language that learns from manually parsed example sentences, and parses unseen data at state-of-the-art accuracies. Its machine learning technology, based on the maximum entropy framework, is highly reusable and not specific to the parsing problem, while the linguistic hints that it uses to learn can be specified concisely. It therefore requires a minimal amount of human effort and linguistic knowledge for its construction. In practice, the running time of the parser on a test sentence is linear with respect to the sentence length. We also demonstrate that the parser can train from other domains without modification to the modeling framework or the linguistic hints it uses to learn. Furthermore, this paper shows that research into rescoring the top 20 parses returned by the parser might yield accuracies dramatically higher than the state-of-the-art.",
    issn="1573-0565",
    doi="10.1023/A:1007502103375",
    url="https://doi.org/10.1023/A:1007502103375"
}

@inproceedings{charniak1996tree,
    title={Tree-bank grammars},
    author={Charniak, Eugene},
    booktitle={Proceedings of the National Conference on Artificial Intelligence},
    pages={1031--1036},
    year={1996}
}

@misc{primeirosPassosSintagmaNominal,
    author       = {Corr\^{e}a, Letícia M. Sicuro and
                  Augusto, Marina R. A.},
    title        = {{Primeiros passos na aquisição da sintaxe: o 
                   sintagma nominal}},
    month        = sep,
    year         = 2017,
    doi          = {10.5281/zenodo.889427},
    url          = {https://doi.org/10.5281/zenodo.889427}
}

@misc{knuthwebsite,
    author    = "Donald Knuth",
    title     = "Knuth: Computers and Typesetting",
    url       = "http://www-cs-faculty.stanford.edu/\~{}uno/abcde.html"
}

@misc{siteDownloadSP,
    organization    = {The Stanford Natural Language Processing Group},
    org-short       = {Stanford NLP Group},
    title           = "The Stanford Parser: A statistical parser",
    url             = {https://nlp.stanford.edu/software/lex-parser.html\#Download},
    year            = {2018}
}

@misc{siteDownloadCoreNLP,
    organization    = {The Stanford Natural Language Processing Group},
    org-short       = {Stanford NLP Group},
    title   = "Stanford CoreNLP – Natural language software",
    url     = {https://stanfordnlp.github.io/CoreNLP/index.html\#download},
    year    = {2018}
}

@misc{siteFaqSp,
    organization    = {The Stanford Natural Language Processing Group},
    org-short       = {Stanford NLP Group},
    title   = "Stanford Parser FAQ",
    url     = {https://nlp.stanford.edu/software/parser-faq.html},
    year    = {2018}
}

@misc{siteCoreNlpCli,
    organization    = {The Stanford Natural Language Processing Group},
    org-short       = {Stanford NLP Group},
    title   = "Using Stanford CoreNLP from the command line",
    url     = {https://stanfordnlp.github.io/CoreNLP/cmdline.html},
    year    = {2018}
}

@misc{siteBosque,
    organization    = {Linguateca},
    title   = "Material que compõe a Floresta Sintá(c)tica",
    url     = {https://www.linguateca.pt/floresta/corpus.html\#bosque},
    year    = {2009}
}

@misc{siteLxParser,
    title           = {LX-Parser},
    organization    = {NLX-Grupo de Fala e Linguagem Natural},
    url             = {http://lxcenter.di.fc.ul.pt/tools/pt/conteudo/LXParser.html},
    urlaccessdate   = {20 nov. 2019},
    year            = {2010}
}
    % author          = {Patricia Gonçalves, João Silva, António Branco},

@misc {siteBuildTree,
    url = {http://amyrey.web.unc.edu/classes/ling-101-online/tutorials/how-to-draw-syntax-trees/},
    author = {Amy Reynolds},
}

@article{buildingPTB,
     author = {Marcus, Mitchell P. and Marcinkiewicz, Mary Ann and Santorini, Beatrice},
     title = {Building a Large Annotated Corpus of English: The Penn Treebank},
     journal = {Comput. Linguist.},
     issue_date = {June 1993},
     volume = {19},
     number = {2},
     month = jun,
     year = {1993},
     issn = {0891-2017},
     pages = {313--330},
     numpages = {18},
     url = {http://dl.acm.org/citation.cfm?id=972470.972475},
     acmid = {972475},
     publisher = {MIT Press},
     address = {Cambridge, MA, USA},
} 

@InProceedings{Branco2010OutOfTheBox,
    author="Silva, Jo{\~a}o
    and Branco, Ant{\'o}nio
    and Castro, S{\'e}rgio
    and Reis, Ruben",
    editor="Pardo, Thiago Alexandre Salgueiro
    and Branco, Ant{\'o}nio
    and Klautau, Aldebaro
    and Vieira, Renata
    and de Lima, Vera L{\'u}cia Strube",
    title="Out-of-the-Box Robust Parsing of Portuguese",
    booktitle="Computational Processing of the Portuguese Language",
    year="2010",
    publisher="Springer Berlin Heidelberg",
    address="Berlin, Heidelberg",
    pages="75--85",
    abstract="In this paper we assess to what extent the available Portuguese treebanks and available probabilistic parsers are suitable for out-of-the-box robust parsing of Portuguese. We also announce the release of the best parser coming out of this exercise, which is, to the best of our knowledge, the first robust parser widely available for Portuguese.",
    isbn="978-3-642-12320-7"
}

@inproceedings{Wing2006Adaptation,
	 author = {Wing, Benjamin and Baldridge, Jason},
	 title = {Adaptation of Data and Models for Probabilistic Parsing of Portuguese},
	 booktitle = {Proceedings of the 7th International Conference on Computational Processing of the Portuguese Language},
	 series = {PROPOR'06},
	 year = {2006},
	 isbn = {3-540-34045-9, 978-3-540-34045-4},
	 location = {Itatiaia, Brazil},
	 pages = {140--149},
	 numpages = {10},
	 url = {http://dx.doi.org/10.1007/11751984_15},
	 doi = {10.1007/11751984_15},
	 acmid = {2170543},
	 publisher = {Springer-Verlag},
	 address = {Berlin, Heidelberg},
} 

@article{article,
	author = {Bikel, Dan},
	year = {2002},
	month = {03},
	pages = {},
	title = {Design of a multi-lingual, parallel-processing statistical parsing engine},
	doi = {10.3115/1289189.1289191}
}
	
@article{turingJogoImitacao,
    author = {TURING, A. M.},
    title = "{I.—COMPUTING MACHINERY AND INTELLIGENCE}",
    journal = {Mind},
    volume = {LIX},
    number = {236},
    pages = {433-460},
    year = {1950},
    month = {10},
    issn = {0026-4423},
    doi = {10.1093/mind/LIX.236.433},
    url = {https://doi.org/10.1093/mind/LIX.236.433},
    eprint = {http://oup.prod.sis.lan/mind/article-pdf/LIX/236/433/9866119/433.pdf},
}

@book{aho2008compiladores,
    title={Compiladores: princ{\'\i}pios, t{\'e}cnicas e ferramentas},
    author={Aho, A.V. and Sethi, R. and Lam, S.},
    isbn={9788588639249},
    year={2008},
    publisher={LONGMAN DO BRASIL}
}
    % url={https://books.google.com.br/books?id=hahXPgAACAAJ},

@article{charniak97statistical,
    added-at = {2008-05-13T09:58:22.000+0200},
    author = {Charniak, Eugene},
    biburl = {https://www.bibsonomy.org/bibtex/21d02e8f9d663f5cd8203ec6685a958ed/hotho},
    interhash = {9f0c334b655cfa509f9862a0569cd375},
    intrahash = {1d02e8f9d663f5cd8203ec6685a958ed},
    journal = {AI Magazine},
    keywords = {learning lecture model nlp tagging taggingsurvey},
    number = 4,
    pages = {33-44},
    timestamp = {2012-01-25T16:44:23.000+0100},
    title = {Statistical Techniques for Natural Language Parsing},
    volume = 18,
    year = {1997},
}
    % url = {http://citeseer.ist.psu.edu/article/charniak97statistical.html},

@inproceedings{zhang2017headSelection,
    title = "Dependency Parsing as Head Selection",
    author = "Zhang, Xingxing  and
      Cheng, Jianpeng  and
      Lapata, Mirella",
    booktitle = "Proceedings of the 15th Conference of the {E}uropean Chapter of the Association for Computational Linguistics: Volume 1, Long Papers",
    month = apr,
    year = "2017",
    address = "Valencia, Spain",
    publisher = "Association for Computational Linguistics",
    url = "https://www.aclweb.org/anthology/E17-1063",
    pages = "665--676",
    abstract = "Conventional graph-based dependency parsers guarantee a tree structure both during training and inference. Instead, we formalize dependency parsing as the problem of independently selecting the head of each word in a sentence. Our model which we call DENSE (as shorthand for \textbf{De}pendency \textbf{N}eural \textbf{Se}lection) produces a distribution over possible heads for each word using features obtained from a bidirectional recurrent neural network. Without enforcing structural constraints during training, DeNSe generates (at inference time) trees for the overwhelming majority of sentences, while non-tree outputs can be adjusted with a maximum spanning tree algorithm. We evaluate DeNSe on four languages (English, Chinese, Czech, and German) with varying degrees of non-projectivity. Despite the simplicity of the approach, our parsers are on par with the state of the art.",
}

@book{Castilho2010gramatica,
    title={Nova gram{\'a}tica do portugu{\^e}s brasileiro},
    author={de Castilho, A.T.},
    isbn={9788572444620},
    lccn={2010313180},
    year={2010},
    publisher={Fapesp},
    address={Brasil}
}
    % url={https://books.google.com.br/books?id=ziE1AQAAIAAJ},

@misc{NLPConstParsing,
    author = {Sebastian Ruder},
    title = {NLP-progress: Constituency parsing},
    url = {www.nlpprogress.com/english/constituency_parsing.html},
    year={2019},
    urldate = {2019-06-30}
}

@book{james2013introduction,
    title={An Introduction to Statistical Learning: with Applications in R},
    author={James, G. and Witten, D. and Hastie, T. and Tibshirani, R.},
    isbn={9781461471387},
    lccn={13936251},
    series={Springer Texts in Statistics},
    year={2013},
    publisher={Springer New York}
}
    % url={https://books.google.com.br/books?id=qcI\_AAAAQBAJ},

@techreport{bracketing_ptb,
    added-at = {2008-03-10T14:07:08.000+0100},
    address = {Philadelphia, PA, USA},
    author={Bies, Ann and Ferguson, Mark and Katz, Karen and MacIntyre, Robert and Tredinnick, Victoria and Kim, Grace and Marcinkiewicz, Mary Ann and Schasberger, Britta},
    biburl = {https://www.bibsonomy.org/bibtex/2a834b3962120e50d32e29575c31752f4/sb3000},
    institution = {Department of Linguistics, University of Pennsylvania},
    interhash = {740895df60501fe4c473409d9859ae07},
    intrahash = {a834b3962120e50d32e29575c31752f4},
    keywords = {nlp parsing penn},
    timestamp = {2008-03-10T14:07:08.000+0100},
    title = {Bracketing Guidelines for {T}reebank {II} Style --- {P}enn {T}reebank Project},
    journal={University of Pennsylvania},
    volume={97},
    pages={100},
    year={1995}
}


@article{bick2008FlorestaSintatica,
    title={Um mundo novo na Floresta Sint{\'a} (c) tica--o treebank do Portugu{\^e}s},
    author={Freitas, Cl{\'a}udia and Rocha, Paulo and Bick, Eckhard},
    journal={Calidosc{\'o}pio},
    volume={6},
    number={3},
    pages={142--148},
    year={2008}
}

@book{hopcroft2003automataTheory,
    title={Introduction to Automata Theory, Languages, and Computation},
    author={Hopcroft, J.E. and Motwani, R. and Ullman, J.D.},
    isbn={9780321210296},
    lccn={00064608},
    series={Addison-Wesley series in computer science},
    year={2003},
    publisher={Pearson Education International}
}
    % url={https://books.google.com.br/books?id=FQp0QgAACAAJ},

@article{Fundel2006,
    author = {Fundel, Katrin and Küffner, Robert and Zimmer, Ralf},
    title = "{RelEx—Relation extraction using dependency parse trees}",
    journal = {Bioinformatics},
    volume = {23},
    number = {3},
    pages = {365-371},
    year = {2006},
    month = {12},
    abstract = "{Motivation: The discovery of regulatory pathways, signal cascades, metabolic processes or disease models requires knowledge on individual relations like e.g. physical or regulatory interactions between genes and proteins. Most interactions mentioned in the free text of biomedical publications are not yet contained in structured databases.Results: We developed RelEx, an approach for relation extraction from free text. It is based on natural language preprocessing producing dependency parse trees and applying a small number of simple rules to these trees. We applied RelEx on a comprehensive set of one million MEDLINE abstracts dealing with gene and protein relations and extracted ~150 000 relations with an estimated perfomance of both 80\% precision and 80\% recall.Availability: The used natural language preprocessing tools are free for use for academic research. Test sets and relation term lists are available from our website ().Contact:katrin.fundel@bio.ifi.lmu.de}",
    issn = {1367-4803},
    doi = {10.1093/bioinformatics/btl616},
    url = {https://doi.org/10.1093/bioinformatics/btl616},
    eprint = {http://oup.prod.sis.lan/bioinformatics/article-pdf/23/3/365/647909/btl616.pdf},
}

@inproceedings{carreras2009non,
  title={Non-projective parsing for statistical machine translation},
  author={Carreras, Xavier and Collins, Michael},
  booktitle={Proceedings of the 2009 Conference on Empirical Methods in Natural Language Processing: Volume 1-Volume 1},
  pages={200--209},
  year={2009},
  organization={Association for Computational Linguistics}
}

@techreport{chelba1997structure,
  title={Structure and performance of a dependency language model},
  author={Chelba, Ciprian and Engle, David and Printz, Harry and Jelinek, Frederick and Ristad, Eric and Jimenez, Victor and Rosenfeld, Ronald and Khudanpur, Sanjeev and Stolcke, Andreas and Mangue, Lidia and others},
  year={1997},
  institution={SRI INTERNATIONAL MENLO PARK CA SPEECH TECHNOLOGY AND RESEARCH LAB}
}

@article{zhang2015top,
  title={Top-down tree long short-term memory networks},
  author={Zhang, Xingxing and Lu, Liang and Lapata, Mirella},
  journal={arXiv preprint arXiv:1511.00060},
  year={2015}
}

@inproceedings{snow2005learning,
  title={Learning syntactic patterns for automatic hypernym discovery},
  author={Snow, Rion and Jurafsky, Daniel and Ng, Andrew Y},
  booktitle={Advances in neural information processing systems},
  pages={1297--1304},
  year={2005}
}

@article{paganiavaliaccao,
  title={Avalia{\c{c}}{\~a}o epistemol{\'o}gica de um exemplo de an{\'a}lise de ambig{\"u}idade num manual de introdu{\c{c}}{\~a}o {\`a} sem{\^a}ntica},
  author={Pagani, Luiz Arthur},
  year={2009}
}

@book{mioto2013novo,
  title={Novo manual de sintaxe},
  author={Mioto, C. and Silva, M.C.F. and Lopes, R.E.V.},
  isbn={9788572448000},
  year={2013},
  publisher={Editora Contexto}
}
%   url={https://books.google.com.br/books?id=DVxHnAEACAAJ},

@misc{narrativeDescriptionCintil,
    author={Catarina Carvalheiro}, 
    title={CINTIL Treebank Narrative Description}, url={http://portulanclarin.net/repository/extradocs/CINTIL-Treebank.pdf},
    year={2012}
}

@article{posPTBguidelines,
  title={Part-of-speech tagging guidelines for the Penn Treebank Project (3rd revision)},
  author={Santorini, Beatrice},
  journal={Technical Reports (CIS)},
  pages={570},
  year={1990}
}

@article{santorini1990part2ndprint,
  title={Part-of-speech tagging guidelines for the Penn Treebank project (3rd revision, 2nd printing)},
  author={Santorini, Beatrice},
  journal={Ms., Department of Linguistics, UPenn. Philadelphia, PA},
  year={1990}
}

@book{mioto2007novo,
  title={Novo manual de sintaxe},
  author={Mioto, Carlos and Silva, Maria Cristina Figueiredo and Lopes, Ruth Elisabeth Vasconcellos},
  year={2007},
  publisher={Ed. Insular}
}

@techreport{cintil_handbook,
  title={CINTIL TreeBank handbook: Design options for the representation of syntactic constituency},
  author={Branco, Ant{\'o}nio and Silva, Joao and Costa, Francisco and Castro, S{\'e}rgio},
  year={2011},
  publisher={Publisher: Department of Informatics, University of Lisbon},
  address={Lisboa},
  institution={Technical Report TR-2011-02. Available at: http://docs. di. fc. ul. pt}
}

@article{do2018minicursoCliticos,
  title={Minicurso “Pronomes Cl{\'\i}ticos”},
  author={do Portugu{\^e}s Contempor{\^a}neo, Gram{\'a}tica and de Cegalla, Nov{\'\i}ssima Gram{\'a}tica da L{\'\i}ngua},
  journal={CEP},
  volume={37130},
  pages={000},
  year={2018}
}

@inproceedings{rosen2012open,
  title={An open infrastructure for advanced treebanking},
  author={Ros{\'e}n, Victoria and De Smedt, Koenraad and Meurer, Paul and Dyvik, Helge},
  booktitle={META-RESEARCH Workshop on Advanced Treebanking at LREC2012},
  pages={22--29},
  year={2012},
  organization={Haji{\v{c}}, Jan},
  address={Istanbul, Turkey}
}

@article{lxgram,
  title={A computational grammar for deep linguistic processing of Portuguese: LXGram, version A. 4.1},
  author={Branco, Ant{\'o}nio Horta and Costa, Francisco},
  year={2008},
  publisher={Department of Informatics, University of Lisbon}
}

@article{freitas2007biblia,
  title={B{\'\i}blia Florestal: Um manual ling{\"u}{\'\i}stico da Floresta Sint{\'a} (c) tica},
  author={Freitas, Cl{\'a}udia and Afonso, Susana},
  year={2007}
}

@misc{linguatecaFloresta,
    author={Linguateca},
    title={Projecto Floresta Sintá(c)tica},
    url={https://www.linguateca.pt/Floresta/},
    urldate={2019-11-09},
    year={2010}
}

@inproceedings{nivre2007conll,
    title = "The {C}o{NLL} 2007 Shared Task on Dependency Parsing",
    author = {Nivre, Joakim  and
      Hall, Johan  and
      K{\"u}bler, Sandra  and
      McDonald, Ryan  and
      Nilsson, Jens  and
      Riedel, Sebastian  and
      Yuret, Deniz},
    booktitle = "Proceedings of the 2007 Joint Conference on Empirical Methods in Natural Language Processing and Computational Natural Language Learning ({EMNLP}-{C}o{NLL})",
    month = jun,
    year = "2007",
    address = "Prague, Czech Republic",
    publisher = "Association for Computational Linguistics",
    url = "https://www.aclweb.org/anthology/D07-1096",
    pages = "915--932",
}

@misc{parserEvalSecret,
	title={The Dirty Little Secret of Constituency Parser Evaluation},
	author={Mariana Romanyshyn, Vsevolod Dyomkin},
	year={2014},
	url={https://tech.grammarly.com/blog/the-dirty-little-secret-of-constituency-parser-evaluation},
	urldate={2019-11-9},
}

@inproceedings{ParserShowdown,
    title = "Parser Showdown at the Wall Street Corral: An Empirical Investigation of Error Types in Parser Output",
    author = "Kummerfeld, Jonathan K.  and
      Hall, David  and
      Curran, James R.  and
      Klein, Dan",
    booktitle = "Proceedings of the 2012 Joint Conference on Empirical Methods in Natural Language Processing and Computational Natural Language Learning",
    month = jul,
    year = "2012",
    address = "Jeju Island, Korea",
    publisher = "Association for Computational Linguistics",
    url = "https://www.aclweb.org/anthology/D12-1096",
    pages = "1048--1059",
}

@misc{constParsEvalYT,
	title={15 5 Constituency Parser Evaluation},
	year={2018},
	organization={Stanford Natural Language Processing Group},
	author={Christopher Manning},
	url={https://www.youtube.com/watch?v=_JtP-32keKE},
}

@article{truthFScore,
    title={The truth of the F-measure},
    author={Sasaki, Yutaka and others},
    journal={Teach Tutor mater},
    volume={1},
    number={5},
    pages={1--5},
    year={2007}
}

@inproceedings{derczynski2016complementarity,
    title={Complementarity, F-score, and NLP Evaluation},
    author={Derczynski, Leon},
    booktitle={Proceedings of the Tenth International Conference on Language Resources and Evaluation (LREC'16)},
    pages={261--266},
    year={2016}
}

@inproceedings{kummerfeld-etal-2012-parser,
    title = "Parser Showdown at the Wall Street Corral: An Empirical Investigation of Error Types in Parser Output",
    author = "Kummerfeld, Jonathan K.  and
      Hall, David  and
      Curran, James R.  and
      Klein, Dan",
    booktitle = "Proceedings of the 2012 Joint Conference on Empirical Methods in Natural Language Processing and Computational Natural Language Learning",
    month = jul,
    year = "2012",
    address = "Jeju Island, Korea",
    publisher = "Association for Computational Linguistics",
    url = "https://www.aclweb.org/anthology/D12-1096",
    pages = "1048--1059",
}

@article{bick2000palavras,
    title={The parsing system Palavras},
    author={Bick, Eckhard},
    journal={Automatic Grammatical Analysis of Portuguese in a Constraint Grammar Framework},
    year={2000},
    publisher={University of Arhus}
}

@article{Moor2006DartmouthIA, 
    title={The Dartmouth College Artificial Intelligence Conference: The Next Fifty Years}, 
    volume={27}, 
    url={https://www.aaai.org/ojs/index.php/aimagazine/article/view/1911}, DOI={10.1609/aimag.v27i4.1911}, 
    abstractNote={The Dartmouth College Artificial Intelligence Conference: The Next 50 Years (AI@50) took place July 13-15, 2006. The conference had three objectives: to celebrate the Dartmouth Summer Research Project, which occurred in 1956; to assess how far AI has progressed; and to project where AI is going or should be going. AI@50 was generously funded by the office of the Dean of Faculty and the office of the Provost at Dartmouth College, by DARPA, and by some private donors.}, number={4}, 
    journal={AI Magazine}, 
    author={Moor, James},
    year={2006},
    month={Dec.}, 
    pages={87} 
}

@inproceedings{Grishman1996MUC,
    author = {Grishman, Ralph and Sundheim, Beth},
    title = {Message Understanding Conference-6: A Brief History},
    booktitle = {Proceedings of the 16th Conference on Computational Linguistics - Volume 1},
    series = {COLING '96},
    year = {1996},
    location = {Copenhagen, Denmark},
    pages = {466--471},
    numpages = {6},
    url = {https://doi.org/10.3115/992628.992709},
    doi = {10.3115/992628.992709},
    acmid = {992709},
    publisher = {Association for Computational Linguistics},
    address = {Stroudsburg, PA, USA},
} 

@Inbook{weightedTransducersMohri,
    author="Mohri, Mehryar",
    editor="Mart{\'i}n-Vide, Carlos
    and Mitrana, Victor
    and P{\u{a}}un, Gheorghe",
    title="Weighted Finite-State Transducer Algorithms. An Overview",
    bookTitle="Formal Languages and Applications",
    year="2004",
    publisher="Springer Berlin Heidelberg",
    address="Berlin, Heidelberg",
    pages="551--563",
    abstract="Weighted finite-state transducers are used in many applications such as text, speech and image processing. This chapter gives an overview of several recent weighted transducer algorithms, including composition of weighted transducers, determinization of weighted automata, a weight pushing algorithm, and minimization of weighted automata. It briefly describes these algorithms, discusses their running time complexity and conditions of application, and shows examples illustrating their application.",
    isbn="978-3-540-39886-8",
    doi="10.1007/978-3-540-39886-8_29",
    url="https://doi.org/10.1007/978-3-540-39886-8_29"
}

@inproceedings{vieira2001linguistica,
    title={Ling{\"u}{\'\i}stica computacional: princ{\'\i}pios e aplica{\c{c}}{\~o}es},
    author={Vieira, Renata and Lima, Vera LS},
    booktitle={Anais do XXI Congresso da SBC. I Jornada de Atualiza{\c{c}}{\~a}o em Intelig{\^e}ncia Artificial},
    volume={3},
    pages={47--86},
    year={2001},
    organization={sn}
}

@misc{spolador2018mediadora,
    author={Milene Amoriello Spolador},
    year={2018},
    title={Uma breve reflexão sobre o papel da linguagem como mediadora e a sua importância na relação entre pessoas},
    url={https://link.medium.com/Jma3Zz0SM1},
}

@book{baccega1995palavra,
  title={Palavra e discurso: literatura e historia},
  author={Baccega, M.A.},
  isbn={9788508053476},
  year={1995},
  publisher={{\'A}tica},
  address={São Paulo}
}
%   url={https://books.google.com.br/books?id=jpGgkQEACAAJ},

@book{fanon2008pele,
    title={Pele negra, m{\'a}scaras brancas},
    author={Fanon, F.},
    isbn={9788523212148},
    year={2008},
    publisher={Editora da Universidade Federal da Bahia},
    address={Salvador}
}
    % url={https://books.google.com.br/books?id=HNk1CwAAQBAJ},

@misc{kegler2019parsing,
    title={Parsing: a timeline},
    author={Jeffrey Kegler},
    year={2019},
    url={https://jeffreykegler.github.io/personal/timeline_v3},
}

@inproceedings{manning2014CoreNLP,
    title={The Stanford CoreNLP natural language processing toolkit},
    author={Manning, Christopher and Surdeanu, Mihai and Bauer, John and Finkel, Jenny and Bethard, Steven and McClosky, David},
    booktitle={Proceedings of 52nd annual meeting of the association for computational linguistics: system demonstrations},
    pages={55--60},
    year={2014}
}

@article{afonso2006arvores,
  title={{\'A}rvores deitadas: Descri{\c{c}}{\~a}o do formato e descri{\c{c}}{\~a}o das op{\c{c}}{\~o}es de an{\'a}lise na Floresta Sint{\'a}ctica},
  author={Cl{\'a}udia Freitas, Susana Afonso},
  journal={Texto produzido no {\^a}mbito da Floresta Sint{\'a} (c) tica},
  year={2006}
}

@misc{lovecraft1920nyarlathotep,
    title={Nyarlathotep},
    author={Howard Phillips Lovecraft},
    year={1920},
    publisher={The United Amateur},
    url={https://www.sitelovecraft.com/multimedia.php\#Textos},
}

@book{oliveira2019servico,
  title={Servi{\c{c}}o social para corajosos: Entre fal{\'a}cias, mitos e realidade carne e osso},
  author={Oliveira, E.M.},
  isbn={9788530010256},
  year={2019},
  publisher={Viseu}
}
%   url={https://books.google.com.br/books?id=omKzDwAAQBAJ},

@book{garside1988computational,
  title={The computational analysis of English: A corpus-based approach},
  author={Garside, Roger and Sampson, Geoffrey and Leech, Geoffrey},
  volume={57},
  year={1988},
  publisher={Longman},
  address={University of Michigan}
}

@inproceedings{gregory2004punctuation,
  title={Sentence-internal prosody does not help parsing the way punctuation does},
  author={Gregory, Michelle and Johnson, Mark and Charniak, Eugene},
  booktitle={Proceedings of the Human Language Technology Conference of the North American Chapter of the Association for Computational Linguistics: HLT-NAACL 2004},
  pages={81--88},
  year={2004}
}

@inproceedings{hall2010maltBlended,
    title = "Single Malt or Blended? A Study in Multilingual Parser Optimization",
    author = {Hall, Johan  and
      Nilsson, Jens  and
      Nivre, Joakim  and
      Eryi{\v{g}}it, G{\"u}l{\c{s}}en  and
      Megyesi, Be{\'a}ta  and
      Nilsson, Mattias  and
      Saers, Markus},
    booktitle = "Proceedings of the 2007 Joint Conference on Empirical Methods in Natural Language Processing and Computational Natural Language Learning ({EMNLP}-{C}o{NLL})",
    month = jun,
    year = "2007",
    address = "Prague, Czech Republic",
    publisher = "Association for Computational Linguistics",
    url = "https://www.aclweb.org/anthology/D07-1097",
    pages = "933--939",
}

@article{gold1967language,
  title={Language identification in the limit},
  author={Gold, E Mark},
  journal={Information and control},
  volume={10},
  number={5},
  pages={447--474},
  year={1967},
  publisher={Elsevier}
}

@inproceedings{silva-etal-2010-top,
    title = "Top-Performing Robust Constituency Parsing of {P}ortuguese: Freely Available in as Many Ways as you Can Get it",
    author = "Silva, Jo{\~a}o  and
      Branco, Ant{\'o}nio  and
      Gon{\c{c}}alves, Patricia",
    booktitle = "Proceedings of the Seventh International Conference on Language Resources and Evaluation ({LREC}'10)",
    month = may,
    year = "2010",
    address = "Valletta, Malta",
    publisher = "European Language Resources Association (ELRA)",
    url = "http://www.lrec-conf.org/proceedings/lrec2010/pdf/136_Paper.pdf",
}

@misc{oquepln2017rodrigues,
	author={Jéssica Rodrigues},
	year={2017},
	title={O que é o Processamento de Linguagem Natural?},
	url={https://link.medium.com/pxMoml9N41},
	urldate={22 nov. 2019}
}